<?xml version="1.0" encoding="UTF-8"?><collection xmlns="http://www.loc.gov/MARC21/slim"><record><leader>00386nam--2200133-i-4500</leader><controlfield tag="001">000019035</controlfield><controlfield tag="002">20161230</controlfield><controlfield tag="005">20161230201033</controlfield><controlfield tag="008">060222s1000------------r-----000-0-eng-d</controlfield><datafield ind1=" " ind2=" " tag="080"><subfield code="a">621.38</subfield></datafield><datafield ind1=" " ind2=" " tag="245"><subfield code="a">Electronic engineer s reference book.with a foreword by percy dunsheath.3rd.ed</subfield></datafield><datafield ind1=" " ind2=" " tag="260"><subfield code="a">London, Heywood Books, 1967. 1532 P</subfield></datafield><datafield ind1=" " ind2=" " tag="700"><subfield code="a">Hughes, L.E.C., Holland, F.W</subfield></datafield><datafield ind1=" " ind2=" " tag="852"><subfield code="a">29138</subfield></datafield></record></collection>